@misc{SignalRef1,
	author={Moxie Marlinspike},
	title={Advanced Ratcheting},
	url={https://whispersystems. org/blog/advanced-ratcheting/},
	year={2013}
}
@misc{SignalRef2,
	author={Katriel Cohn-Gordon and Cas Cremers and Benjamin Dowling and Luke Garratt and Douglas Stebila},
	title={A Formal Security Analysis of the Signal Messaging Protocol},
	howpublished={In Proc. IEEE European Symposium on Security and Privacy (EuroS\&P) 2017},
	year={2017}
}
@misc{DR,
	author={Moxie Marlinspike and Trevor Perrin},
	title={The Double Ratchet Algorithm},
	url={https://whispersystems.org/docs/specifications/doubleratchet/},
	year={2016}
}
@misc{X3DH,
	author={Moixe Marlinspike and Trevor Perrin},
	title={The X3DH Key Agreement Protocol},
	url={https://whispersystems.org/docs/specifications/x3dh/},
	year={2016}
}
@misc{GroupChat,
	author={Katriel Cohn-Gordon and Cas Cremers and Luke Garratt and John Millican and Kevin Milner},
	title={On Ends-to-Ends Encryption: Asynchronous Group Messaging with Strong Security Guarantees},
	howpublished={Proceedings of the 2018 ACM SIGSAC Conference on Computer and Communications Security},
	year={2017}
}
@misc{RatchetedKeyExchange,
	author={Bertram Poettering and Paul Rösler},
	title={Asynchronous ratcheted key exchange},
	url={https://eprint.iacr.org/2018/296.pdf},
	year={2018}
}
@misc{GroupChat1,
	author={Paul Rösler and C. Mainka and J. Schwenk},
	title={More is Less: On the End-to-End Security of Group Chats in Signal, WhatsApp, and Threema},
	howpublished={2018 IEEE European Symposium on Security and Privacy (EuroS\&P)},
	year={2018}
}
@misc{MultiDevice,
	author={S. Campion and J. Devigne and Céline Duguey and Pierre-Alain Fouque},
	title={Multi-Device for Signal},
	howpublished={IACR Cryptol. ePrint Arch},
	year={2019}
}
@misc{GroupChat2,
	author={J. Alwen and Sandro Coretti and Yevgeniy Dodis and Yiannis Tselekounis},
	title={Security Analysis and Improvements for the IETF MLS Standard for Group Messaging},
	howpublished={IACR Cryptol. ePrint Arch},
	year={2019}
}
@misc{Remain1,
	author={Michael Schliep and Ian Kariniemi and Nicholas Hopper},
	title={Is Bob Sending Mixed Signals?},
	howpublished={Proceedings of the 2017 on Workshop on Privacy in the Electronic Society},
	year={2017}
}
@misc{Remain2,
	author={J. Alwen and Sandro Coretti and Yevgeniy Dodis},
	title={The Double Ratchet: Security Notions, Proofs, and Modularization for the Signal Protocol},
	howpublished={IACR Cryptol. ePrint Arch},
	year={2018}
}
@misc{MIMA,
	author={Y. Desmedt},
	title={Man-in-the-Middle Attack},
	howpublished={Encyclopedia of Cryptography and Security},
	year={2011}
}
@misc{Remain3,
	author={F. Durak and S. Vaudenay},
	title={Bidirectional Asynchronous Ratcheted Key Agreement with Linear Complexity},
	howpublished={Published in IWSEC 2019},
	year={2019}
}
@misc{Remain4,
	author={Jacqueline Brendel and Nina Gerber},
	title={Sichere Instant Messaging Apps},
	howpublished={Datenschutz und Datensicherheit - DuD},
	year={2019}
}
@misc{Remain5,
	author={Katriel Cohn-Gordon and C. Cremers and L. Garratt},
	title={On Post-compromise Security},
	howpublished={2016 IEEE 29th Computer Security Foundations Symposium (CSF)},
	year={2016}
}